% See http://en.wikibooks.org/wiki/LaTeX/Bibliography_Management#Standard_templates for templates

@online{Detector,
	author = {The Particle Physics Department at the Rutherford Appleton Laboratory},
	title = {Silicon Strip Detectors in the ATLAS Experiment},
	howpublished = {http://hepwww.rl.ac.uk/OpenDays98/Detectors/silicon.htm},
    year     = "2015",
    month    = "24/9",
}

@article{dummy2015,
  title={How to build latex documents},
  author={Mr Dummy and Mrs Dummies},
  journal={GitHub monthly Best of the Meh-good-enough},
  volume={1},
  pages={1--2},
  year={2015}
}

@misc{LatexModulesLink,
    author    = "Mr Dummy",
    title     = "Latex Modules",
    howpublished = "\url{https://github.com/Limro/LatexModules}",
    year     = "2015",
    month    = "9",
    %note     = "",
}

